@INPROCEEDINGS{10615092,
    author={Veretennikov, Ilya O. and Idrisov, Ildar N. and Rahman, Mumu M. and Vasilev, Stepan P. and Parsegov, Sergei E. and Ibanez, Federico M.},
    booktitle={2024 IEEE 25th International Conference of Young Professionals in Electron Devices and Materials (EDM)}, 
    title={Analyzing R/X Stability Regions of Parallel Grid-Connected Inverters Using Hardware-in-the-Loop Approach}, 
    year={2024},
    volume={},
    number={},
    pages={1220-1225},
    language ={english},
    keywords={Renewable energy sources;Focusing;Power system stability;Inverters;Stability analysis;Real-time systems;Power system reliability;Grid-Connected Inverters;Microgrids;Weak Grids;R/X;SCR;Power-Hardware-in-the-Loop},
    doi={10.1109/EDM61683.2024.10615092}
}