% ГОСТ Р 7.0.11-2011, Приложение Б, Книги
@BOOK{Sychev,
  author = {Сычёв, М. С.},
  title = {История Астраханского казачьего войска : учебное пособие},
  address = {Астрахань},
  publisher = {Волга},
  year = {2009},
  numpages = {231},
  language = {russian}
}

@BOOK{Sokolov,
  author = {Соколов, А. Н. and Сердобинцев, К. С.},
  editor = {Бочарова, В. М.},
  address = {Астрахань},
  publisher = {Калиниградский ЮИ МВД России},
  title = {Гражданское общество: проблемы формирования и развития (философский и юридический аспекты) : монография},
  year = {2009},
  numpages = {218},
  language = {russian}
}

@BOOK{Gaidaenko,
  author = {Гайдаенко, Т. А.},
  title = {Маркетинговое управление: принципы управленческих решений и российская практика},
  edition = {{}3-е изд, перераб. и доп.},
  address = {М.},
  publisher = {Эксмо: МИРБИС},
  year = {2008},
  numpages = {508},
  language = {russian}
}

@BOOK{Lermontov,
  author = {Лермонтов, Михаил Юрьевич},
  title = {Собрание сочинений: в 4 т.},
  address = {М.},
  publisher = {Терра-Кн. клуб},
  year = {2009},
  note = {4 т.},
  language = {russian}
}

@BOOK{Management,
  title = {Управление бизнесом : сборник статей},
  address = {Нижний новгород},
  publisher = {Изд-во Нижегородского университета},
  year = {2009},
  numpages = {243},
  language = {russian}
}

@BOOK{Borozda,
  author = {Борозда, И. В. and Воронин, Н. И. and Бушманов, А. В.},
  title = {Лечение сочетанных повреждений таза},
  address = {Владивосток},
  publisher = {Дальнаука},
  year = {2009},
  numpages = {195},
  language = {russian}
}

@BOOK{Marketing,
  author = {Михненков, О. В. and Коготкова, И. З. and Генкин, Е. В. and Сороко, Г. Я.},
  title = {Маркетинговые исследования в строительстве : учебное пособие для студентов специальности «Менеджмент организаций»},
  address = {М.},
  publisher = {Государственный университет управления},
  year = {2005},
  numpages = {59},
  language = {russian}
}

% ГОСТ Р 7.0.11-2011, Приложение Б, Нормативные правовые акты
@BOOK{Constitution,
  title = {Конституция Российской Федерации : офиц. текст.},
  address = {М.},
  publisher = {Маркетинг},
  year = {2001},
  numpages = {39},
  language = {russian}
}

@BOOK{FamilyCode,
  title = {Семейный кодекс Российской Федерации : [федер. закон: принят Гос. Думой 8 дек. 1995~г. : по состоянию на 3~янв. 2001~г.]},
  address = {СПб.},
  publisher = {Стаун-кантри},
  year = {2001},
  numpages = {94},
  language = {russian}
}

% ГОСТ Р 7.0.11-2011, Приложение Б, Стандарты
@BOOK{Gost.7.0.53,
  title = {ГОСТ Р 7.0.53-2007 Система стандартов по информации, библиотечному и издательскому делу. Издания. Международный стандартный книжный номер. Использование и издательское оформление.},
  address = {М.},
  publisher = {Стандартинформ},
  year = {2007},
  numpages = {5},
  language = {russian}
}

% ГОСТ Р 7.0.11-2011, Приложение Б, Депонированные научные работы
@BOOK{Razumovski,
  author = {Разумовский, В. А. and Андреев, Д. А.},
  title = {Управление маркетинговыми исследованиями в регионе},
  address = {М.},
  year = {2002},
  numpages = {210},
  note = {Деп. в ИНИОН Рос. акад. наук 15.02.02, № 139876},
  language = {russian}
}

% ГОСТ Р 7.0.11-2011, Приложение Б, Диссертации
@BOOK{Lagkueva,
  author = {Лагкуева, Ирина Владимировна},
  title = {Особенности регулирования труда творческих работников театров : дис. ... канд. юрид. наук : 12.00.05},
  address = {М.},
  year = {2009},
  numpages = {168},
  language = {russian}
}

@BOOK{Pokrovski,
  author = {Покровский, Андрей Владимирович},
  title = {Устранимые особенности решений эллиптических уравнений : дис. ... д-ра физ.-мат. наук : 01.01.01},
  address = {М.},
  year = {2008},
  numpages = {178},
  language = {russian}
}

% ГОСТ Р 7.0.11-2011, Приложение Б, Авторефераты диссертаций
@BOOK{Sirotko,
  author = {Сиротко, Владимир Викторович},
  title = {Медико-социальные аспекты городского травматизма в современных условиях : автореф. дис. ... канд. мед. наук : 14.00.33},
  address = {М.},
  year = {2006},
  numpages = {26},
  language = {russian}
}

% !!! этот пример НЕ работает с bibtex
% Тот же пример, с использованием https://www.ctan.org/pkg/biblatex-gost
@THESIS{Sirotko2,
  author =       {Сиротко, Владимир Викторович},
  title =        {Медико-социальные аспекты городского травматизма в современных условиях},
  media =        {text},
  type =         {phdautoref},
  science =      {мед. наук},
  specialitycode ={14.00.33},
  address =      {М.},
  year =         {2006},
  pagetotal =    {26},
  language =     {russian},
}

@BOOK{Lukina,
  author = {Лукина, Валентина Александровна},
  title = {Творческая история «Записок охотника» И. С. Тургенева : автореф. дис. ... канд. филол. наук : 10.01.01},
  address = {СПб.},
  year = {2006},
  numpages = {26},
  language = {russian}
}

% !!! этот пример НЕ работает с bibtex
% Тот же пример, с использованием https://www.ctan.org/pkg/biblatex-gost
@THESIS{Lukina2,
  author =       {Лукина, Валентина Александровна},
  title =        {Творческая история «Записок охотника» И. С. Тургенева},
  media =        {text},
  type =         {phdautoref},
  science =      {филол. наук},
  specialitycode ={10.01.01},
  address =      {СПб.},
  year =         {2006},
  pagetotal =    {26},
  language =     {russian},
}

% ГОСТ Р 7.0.11-2011, Приложение Б, Отчёты о научно-исследовательской работе
@BOOK{Methodology,
  author = {Загорюев, А. Л.},
  title = {Методология и методы изучения военно-профессиональной направленности подростков : отчёт о НИР},
  address = {Екатеринбург},
  institution = {Уральский институт практической психологии},
  year = {2008},
  numpages = {102},
  language = {russian}
}

% ГОСТ Р 7.0.11-2011, Приложение Б, Электронные ресурсы
@BOOK{Encyclopedia,
  title = {Художественная энциклопедия зарубежного классического искусства [Электронный ресурс]},
  address = {М.},
  publisher = {Большая Рос. энкцикл.},
  year = {1996},
  note = {1 электрон. опт. диск (CD-ROM)},
  language = {russian}
}

% !!! этот пример НЕ работает с bibtex
% Тот же пример, с использованием https://www.ctan.org/pkg/biblatex-gost
@BOOK{Encyclopedia2,
  title = {Художественная энциклопедия зарубежного классического искусства},
  address = {М.},
  media = {eresource},
  publisher = {Большая Рос. энкцикл.},
  year = {1996},
  note = {1 электрон. опт. диск (CD-ROM)},
  language = {russian},
}

@ARTICLE{Nasirova,
  author =       {Насырова, Г. А.},
  title =        {Модели государственного регулирования страховой деятельности
                  [Электронный ресурс]},
  journal =      {Вестник Финансовой академии},
  year =         {2003},
  number =       {4},
  note =         {Режим доступа: http://vestnik.fa.ru/4(28)2003/4.html},
  language =     {russian}
}

@ARTICLE{Nasirova2,
  author = {Насырова, Г. А.},
  title = {Модели государственного регулирования страховой деятельности},
  journal = {Вестник Финансовой академии},
  year = {2003},
  media = {eresource},
  number = {4},
  note = {Режим доступа: http://vestnik.fa.ru/4(28)2003/4.html},
  language = {russian}
}

% ГОСТ Р 7.0.11-2011, Приложение Б, Статьи

@ARTICLE{Berestova,
  author = {Берестова, Т. Ф.},
  title = {Поисковые инструменты библиотеки},
  journal = {Библиография},
  year = {2006},
  number = {4},
  pages = {19},
  language = {russian}
}

@ARTICLE{Kriger,
  author = {Кригер, И.},
  title =  {Бумага терпит},
  journal = {Новая газета},
  year = {2009},
  note = {1 июля},
  language = {russian}
}


% Examples from https://verbosus.com/bibtex-style-examples.html
@ARTICLE{Article,
  author   = {Peter Adams},
  title    = {The title of the work},
  journal  = {The name of the journal},
  year     = {1993},
  number   = {2},
  pages    = {201-213},
  month    = {7},
  note     = {An optional note},
  volume   = {4},
  language = {english}
}

@BOOK{Book,
  author    = {Peter Babington},
  title     = {The title of the work},
  publisher = {The name of the publisher},
  year      = {1993},
  volume    = {4},
  series    = {10},
  address   = {The address},
  edition   = {3},
  month     = {7},
  note      = {An optional note},
  isbn      = {3257227892},
  language  = {english}
}

@BOOKLET{Booklet,
  title        = {The title of the work},
  author       = {Peter Caxton},
  howpublished = {How it was published},
  address      = {The address of the publisher},
  month        = {7},
  year         = {1993},
  note         = {An optional note},
  language     = {english}
}

@CONFERENCE{Conference,
  author       = {Peter Draper},
  title        = {The title of the work},
  booktitle    = {The title of the book},
  year         = {1993},
  editor       = {The editor},
  volume       = {4},
  series       = {5},
  pages        = {213},
  address      = {The address of the publisher},
  month        = {7},
  organization = {The organization},
  publisher    = {The publisher},
  note         = {An optional note},
  language     = {english}
}

@INBOOK{Inbook,
  author       = {Peter Eston},
  title        = {The title of the work},
  booktitle    = {Book title},
  chapter      = {8},
  pages        = {201-213},
  publisher    = {The name of the publisher},
  year         = {1993},
  volume       = {4},
  series       = {5},
  address      = {The address of the publisher},
  edition      = {3},
  month        = {7},
  note         = {An optional note},
  language     = {english}
}

@INCOLLECTION{Incollection,
  author       = {Peter Farindon},
  title        = {The title of the work},
  booktitle    = {The title of the book},
  publisher    = {The name of the publisher},
  year         = {1993},
  editor       = {The editor},
  volume       = {4},
  series       = {5},
  chapter      = {8},
  pages        = {201-213},
  address      = {The address of the publisher},
  edition      = {3},
  month        = {7},
  note         = {An optional note},
  language     = {english}
}

@MANUAL{Manual,
  title        = {The title of the work},
  author       = {Peter Gainsford},
  organization = {The organization},
  address      = {The address of the publisher},
  edition      = {3},
  month        = {7},
  year         = {1993},
  note         = {An optional note},
  language     = {english}
}

@MASTERSTHESIS{Mastersthesis,
  author       = {Peter Harwood},
  title        = {The title of the work},
  school       = {The school where the thesis was written},
  year         = {1993},
  address      = {The address of the publisher},
  month        = {7},
  note         = {An optional note},
  language     = {english}
}

@MISC{Misc,
  author       = {Peter Isley},
  title        = {The title of the work},
  howpublished = {How it was published},
  month        = {7},
  year         = {1993},
  note         = {An optional note},
  language     = {english}
}

@PHDTHESIS{Phdthesis,
  author       = {Peter Joslin},
  title        = {The title of the work},
  school       = {The school where the thesis was written},
  year         = {1993},
  address      = {The address of the publisher},
  month        = {7},
  note         = {An optional note},
  language     = {english}
}

@PROCEEDINGS{Proceedings,
  title        = {The title of the work},
  year         = {1993},
  editor       = {Peter Kidwelly},
  volume       = {4},
  series       = {5},
  address      = {The address of the publisher},
  month        = {7},
  organization = {The organization},
  publisher    = {The name of the publisher},
  note         = {An optional note},
  language     = {english}
}

@TECHREPORT{Techreport,
  author       = {Peter Lambert},
  title        = {The title of the work},
  institution  = {The institution that published},
  year         = {1993},
  number       = {2},
  address      = {The address of the publisher},
  month        = {7},
  note         = {An optional note},
  language     = {english}
}

@UNPUBLISHED{Unpublished,
  author       = {Peter Marcheford},
  title        = {The title of the work},
  note         = {An optional note},
  month        = {7},
  year         = {1993},
  language     = {english}
}

%%% Реальные примеры

% Инициалы должны быть записаны после запятой, с точками, через пробел
% http://www.kit-e.ru/articles/elcomp/2006_12_124.php
% Подчёркивания в ссылке приходится экранировать
% http://www.kit-e.ru/articles/elcomp/2006\_12\_124.php
@online{medvedev2006jelektronnye,
  title={Электронные компоненты и монтажные подложки},
  author={Медведев, А. М.},
  journal={Компоненты и технологии},
  number={12},
  pages={124--134},
  year={2006},
  medium={Электронный ресурс},
  url = {http://www.kit-e.ru/articles/elcomp/2006\_12\_124.php},
  urldate = {19.01.2015},
  language = {russian}
}

% Real example
% & в названии журнала надо экранировать
% 10.1002/1521-4125(200007)23:7<581::AID-CEAT581>3.0.CO;2-P
% < > в ссылке приходится экранировать %3C и %3E, а потом ещё знаки процента в них экранировать
% 10.1002/1521-4125(200007)23:7%3C581::AID-CEAT581%3E3.0.CO;2-P
% 10.1002/1521-4125(200007)23:7\%3C581::AID-CEAT581\%3E3.0.CO;2-P
% url не нужен. если запись о бумажной публикации
@article {CEAT:CEAT581,
  author = {Deiters, U. K.},
  title = {A Modular Program System for the Calculation of Thermodynamic Properties of Fluids},
  journal = {Chemical Engineering \& Technology},
  volume = {23},
  number = {7},
  publisher = {WILEY-VCH Verlag},
  issn = {1521-4125},
  doi = {10.1002/1521-4125(200007)23:7<581::AID-CEAT581>3.0.CO;2-P},
  pages = {581--584},
  year = {2000},
  language = {english}
}

% Real with  4 authors
@article{doi:10.1080/01932691.2010.513279,
  author = {Young-Sang Cho and Young Kuk Kim and Kook Chae Chung and Chul Jin Choi },
  title = {Deformation of Colloidal Crystals for Photonic Band Gap Tuning},
  journal = {Journal of Dispersion Science and Technology},
  volume = {32},
  number = {10},
  pages = {1408-1415},
  year = {2011},
  doi = {10.1080/01932691.2010.513279},
  language = {english}
}

% doi with (), author with umlaut or other unicode or specific symbols, 9 authors
% latex don't like Gösele1999161 in ref
% Умляуты в авторах понимаются из-за поддержки в юникодной странице pdflatex и xelatex
% Иллюстрация того, что будет. если на английской записи будут поставлена пометка, что язык русский
@article{Gosele1999161,
  title = "Wafer bonding for microsystems technologies",
  journal = "Sensors and Actuators A: Physical",
  volume = "74",
  number = "1–3",
  pages = "161 - 168",
  year = "1999",
  issn = "0924-4247",
  doi = "10.1016/S0924-4247(98)00310-0",
  author = "Gösele, U. and Tong, Q.-Y. and Schumacher, A. and Kräuter, G. and Reiche, M. and Plößl, A. and Kopperschmidt, P. and Lee, T.-H. and Kim, W.-J.",
  keywords = "Wafer bonding",
  keywords = "Fusion bonding",
  keywords = "Pressure sensors",
  keywords = "Interface reactions",
  keywords = "Hydrophilic bonding",
  keywords = "Hydrophobic bonding",
  language = {russian}
}

% Real example (from Google or Springer)
% unmodified styles don't know %language = {English}
% язык писать с маленьких
% иллюстрация incollection
% 10.1007/0-387-32989-7_45
% Подчёркивания в DOI приходится экранировать
% 10.1007/0-387-32989-7\_45
@incollection{Li2007StressAnalysis,
  year={2007},
  isbn={978-0-387-27974-9},
  booktitle={Micro- and Opto-Electronic Materials and Structures: Physics, Mechanics, Design, Reliability, Packaging},
  editor={Suhir, E. and Lee, Y. C. and Wong, C. P.},
  doi={10.1007/0-387-32989-7_45},
  title={Stress Analysis for Processed Silicon Wafers and Packaged Micro-devices},
  publisher={Springer US},
  author={Li, Li and Guo, Yifan and Zheng, Dawei},
  pages={B677-B709},
  language={english}
}

% Real, β sign
% inputenc don't know β sign %aluminosilicate-β-quartz
% Знаки типа β, которые не знает таблица кодировки, с которой работает компилятор нужно заменять на latex команды
% doi должен быть без http://dx.doi.org/
@article{Shoji199895,
title = "Low-temperature anodic bonding using lithium aluminosilicate-\(\beta\)-quartz glass ceramic",
journal = "Sensors and Actuators A: Physical",
volume = "64",
number = "1",
pages = "95 - 100",
year = "1998",
note = "Tenth {IEEE} International Workshop on Micro Electro Mechanical Systems ",
issn = "0924-4247",
doi = "10.1016/S0924-4247(97)01659-2",
author = {Shuichi Shoji and Hiroto Kikuchi and Hirotaka Torigoe},
keywords = "Anodic bonding",
keywords = "Low-temperature bonding",
keywords = "Micro assembly",
keywords = "Micro package",
keywords = "Glass ceramic",
}


% from urlbst package
% Example from Jason Eisner, by mail (nothing special about the entry,
% but he seemed to be having formatting problems with unsrturl and proceedings
% entries.
% http://cs.jhu.edu/~jason/papers/#icassp07
@InProceedings{test:eisner-sample,
  author =       {Damianos Karakos and Sanjeev Khudanpur and Jason
                  Eisner and Carey~E. Priebe},
  title =        {Iterative denoising using {J}ensen-{R}enyi
                  divergences with an application to unsupervised
                  document categorization},
  booktitle =    {Proceedings of ICASSP},
  year =         2007,
  url =          {http://cs.jhu.edu/~jason/papers/\#icassp07}
}

@InProceedings{test:eisner-sample-shorted,
  author =       {Damianos Karakos and Sanjeev Khudanpur and Jason
                  Eisner and Carey~E. Priebe},
  title =        {Iterative denoising using {J}ensen-{R}enyi
                  divergences with an application to unsupervised
                  document categorization},
  booktitle =    {Proceedings of ICASSP},
  shortbooktitle = {Proc. of ICASSP},
  year =         2007,
  url =          {http://cs.jhu.edu/~jason/papers/\#icassp07}
}

% Попытка записать патент имеющимися средствами
@Book{iofis_patent1960,
  title                    = {Способ пайки керамики с~керамикой и~стекла с~металлом : а.\,с.~126728 СССР},
  author                   = {Иофис, Н. А.},
  year                     = {1960},
  numpages                 = {Бюл. № 5.~1},
  language                 = {russian}
}

% Попытка записать патент имеющимися средствами
@Book{AB_patent_Pomerantz_1968,
  title                    = {Anodic bonding : patent no. 3397278 US},
  author                   = {Pomerantz, D. I.},
  year                     = {1968},
  language                 = {english}
}

% !!! этот пример НЕ работает с bibtex
% Примеры оформления патентов из пакета https://www.ctan.org/pkg/biblatex-gost
@Patent{patent2h,
  heading =      {Заявка 1095735 Рос. федерация, МПК\ensuremath{^7} B 64 G 1/00},
  author =       {Тернер, Э. В.},
  authortype =   {США},
  title =        {Одноразовая ракета-носитель},
  media =        {text},
  holder =       {{заявитель Спейс Системз/Лорал, инк.}},
  credits =      {патент. поверенный Егорова Г. Б.},
  reqnumber =    {2000108705/28},
  date =         {2000-04-07},
  publdate =     {2001-03-10},
  publication =  {Бюл. № 7 (I ч.)\midsentence},
  prdate =       {1999-04-09},
  prnumber =     {09/289, 037},
  prcountry =    {countryus},
  pagetotal =    {5 с.~: ил.},
  language =     {russian},
}

@Patent{patent3h,
  heading =      {А. с. 1007970 СССР, МКИ\ensuremath{^3} В 25.1 15/00},
  author =       {В. С. Ваулин and В. Г. Кемайкин},
  authortype =   {СССР},
  title =        {Устройство для захвата неориентированных деталей типа валов},
  media =        {text},
  reqnumber =    {3360585/25-08},
  date =         {1981-11-23},
  publication =  {Бюл. № 12},
  publdate =     {1983-03-30},
  pagetotal =    {2 с.~: ил.},
  language =     {russian},
}

@Patent{patent2,
  author =       {Тернер, Э. В.},
  authortype =   {США},
  title =        {Одноразовая ракета-носитель},
  media =        {text},
  type =         {patreq},
  number =       1095735,
  location =     {countryru},
  ipc =          {МПК\ensuremath{^7} B 64 G 1/00},
  holder =       {{заявитель Спейс Системз/Лорал, инк.}},
  credits =      {патент. поверенный Егорова Г. Б.},
  reqnumber =    {2000108705/28},
  date =         {2000-04-07},
  publdate =     {2001-03-10},
  publication =  {Бюл. № 7 (I ч.)\midsentence},
  prioritydate = {1999-04-09},
  prioritynumber ={09/289, 037},
  prioritycountry ={countryus},
  pagetotal =    {5 с.~: ил.},
  language =     {russian},
}

%%% Использование дополнительных опций biblatex

@Book{sobenin_kdv,
  author =       {О. А. Вальднер and Н. П. Собенин and Б. В. Зверев and И. С. Щедрин},
  options =      {maxnames=4},
  title =        {Диафрагмированные волноводы},
  subtitle =     {Справочник},
  publisher =    {Энергоатомиздат},
  edition =      3,
  year =         1991,
  pagetotal =    280,
  location =     {М.},
  language =     {russian},
  isbn =         {5-283-03960-9},
}

@InProceedings{initials,
  author =       {Ya.Yu. Ivanov},
  title =        {Stabilization of the initials in the bibliography entries},
  booktitle =    {Proc. of {IPAC'10}},
  options =      {giveninits=false},
  pages =        {1234 -- 4321},
  language =     {english},
  venue =        {Kyoto, Japan},
  publisher =    {JACoW Publishing},
  location =     {Geneva},
  month =        5,
  year =         2010,
}

%%%%%%%%%%%%%%%%%%%%%%%%%%%%%%%%%%%%%%%%%%%%%%%%%%%%%%%%%%%%%%%%%%%%%%%%%%%%%%%%%%%%%%%%%%%%%%%
@ARTICLE{He_2022,
    doi = {10.1088/1742-6596/2301/1/012030},
    url = {https://dx.doi.org/10.1088/1742-6596/2301/1/012030},
    year = {2022},
    month = {jul},
    publisher = {IOP Publishing},
    volume = {2301},
    number = {1},
    pages = {012030},
    author = {Ping He and Xiaoting Ni},
    title = {Renewable Energy Sources in the Era of the Fourth Industrial Revolution: a Perspective of Civilization Development},
    journal = {Journal of Physics: Conference Series},
    language ={english},
    abstract = {}
}

@ARTICLE{kholkin2025energy,
    author={D. Kholkin and I. Chausov},
    title={Energy for a New Industrial Revolution},
    journal={Energy Policy},
    volume={1},
    number={204},
    pages={56-57},
    year={2025},
    language ={russian},
    doi={DOI 10.46920/2409‐5516_2025_01204_46}
}

@ARTICLE{mag_ipakchi_2009,
    author={Ipakchi, Ali and Albuyeh, Farrokh},
    journal={IEEE Power and Energy Magazine}, 
    title={Grid of the future}, 
    year={2009},
    volume={7},
    number={2},
    pages={52-62},
    language ={english},
    doi={10.1109/MPE.2008.931384}
}

@ARTICLE{7790991,
    author={Zhong, Qing-Chang},
    journal={IEEE Power Electronics Magazine}, 
    title={Virtual Synchronous Machines: A unified interface for grid integration}, 
    year={2016},
    volume={3},
    number={4},
    pages={18-27},
    language ={english},
    keywords={Power system stability;Synchronous machines;Voltage control;Rectifiers;Synchronization;Reactive power;Inverters;Power grids;Virtual machining},
    doi={10.1109/MPEL.2016.2614906}
}

@ARTICLE{7442160,
    author={Li, Chendan and Chaudhary, Sanjay K. and Savaghebi, Mehdi and Vasquez, Juan C. and Guerrero, Josep M.},
    journal={IEEE Transactions on Smart Grid}, 
    title={Power Flow Analysis for Low-Voltage AC and DC Microgrids Considering Droop Control and Virtual Impedance}, 
    year={2017},
    volume={8},
    number={6},
    language ={english},
    pages={2754-2764},
    keywords={Microgrids;Impedance;Load flow analysis;Reactive power;Voltage control;Frequency control;AC/DC microgrids;low-voltage;droop control;virtual impedance;power flow},
    doi={10.1109/TSG.2016.2537402}
}

@ARTICLE{4112346,
    author={Burke, James J. and Lawre, David J.},
    journal={IEEE Transactions on Power Apparatus and Systems}, 
    title={Characteristics of Fault Currents on Distribution Systems}, 
    year={1984},
    volume={PAS-103},
    number={1},
    pages={1-6},
    language ={english},
    keywords={Fault currents;Monitoring;Substations;Transformers;Temperature;Construction industry;Electrical equipment industry;Birds;Animals;Electric breakdown},
    doi={10.1109/TPAS.1984.318566}
}

@ARTICLE{8242351,
    author={Adib, Aswad and Mirafzal, Behrooz and Wang, Xiongfei and Blaabjerg, Frede},
    journal={IEEE Access}, 
    title={On Stability of Voltage Source Inverters in Weak Grids}, 
    year={2018},
    volume={6},
    number={},
    pages={4427-4439},
    language ={english},
    keywords={Power system stability;Circuit stability;Inverters;Stability criteria;State-space methods;Inductance;Grid-tied voltage-source inverter;weak grids;microgrids;active (P) and reactive (Q) power (PQ)-controlled inverters;stability analysis;reduced-order model},
    doi={10.1109/ACCESS.2017.2788818}
}

@ARTICLE{mag_khan_2020,  
    author={Khan, Ahmad and Hosseinzadehtaher, Mohsen and Shadmand, Mohammad B. and Bayhan, Sertac and Abu-Rub, Haitham},  journal={IEEE Industrial Electronics Magazine},   
    title={On the Stability of the Power Electronics-Dominated Grid: A New Energy Paradigm},   
    year={2020},  
    volume={14},  
    number={4},
    language ={english},
    pages={65-78},  
    doi={10.1109/MIE.2020.3002523}
}

@ARTICLE{7182342,
    author={Liu, Jia and Miura, Yushi and Ise, Toshifumi},
    journal={IEEE Transactions on Power Electronics}, 
    title={Comparison of Dynamic Characteristics Between Virtual Synchronous Generator and Droop Control in Inverter-Based Distributed Generators}, 
    year={2016},
    volume={31},
    number={5},
    pages={3600-3611},
    language ={english},
    keywords={Mathematical model;Load modeling;Loading;Frequency control;Integrated circuit modeling;Damping;Oscillators;DC-AC power converters;distributed power generation;droop control;microgrids;power control;power system dynamic;power system modeling;renewable energy sources;state-space methods;virtual synchronous generator;DC–AC power converters;distributed power generation;droop control;microgrids;power control;power system dynamics;power system modeling;renewable energy sources (RES);state-space methods;virtual synchronous generator (VSG)},
    doi={10.1109/TPEL.2015.2465852}
}

@ARTICLE{8809097,
    author={Peng, Qiao and Jiang, Qin and Yang, Yongheng and Liu, Tianqi and Wang, Huai and Blaabjerg, Frede},
    journal={IEEE Transactions on Industry Applications}, 
    title={On the Stability of Power Electronics-Dominated Systems: Challenges and Potential Solutions}, 
    year={2019},
    volume={55},
    number={6},
    pages={7657-7670},
    language ={english},
    keywords={Power system stability;Voltage control;Phase locked loops;Power electronics;Stability criteria;Low-inertia systems;multitimescale analysis;mutual effect;modeling;power-electronics-dominated systems (PEDSs);power electronic converters;stability and control;virtual inertia},
    doi={10.1109/TIA.2019.2936788}
}

@ARTICLE{4074022,
    author={Schweppe, Fred C. and Wildes, J.},
    journal={IEEE Transactions on Power Apparatus and Systems}, 
    title={Power System Static-State Estimation, Part I: Exact Model}, 
    year={1970},
    volume={PAS-89},
    number={1},
    pages={120-125},
    language ={english},
    keywords={Power system modeling;Mathematical model;Voltage;Data processing;Meter reading;State estimation;Computer errors;Interconnected systems;Computer simulation;Testing},
    doi={10.1109/TPAS.1970.292678}
}

@TECHREPORT{Jayasinghe2021,
    author = {Gamini Jayasinghe and Behrooz Bahrani},
    title = {Stability-Enhancing Measures for Weak Grids Study: Milestone 2 Report},
    institution = {Monash University, Australian Renewable Energy Agency (ARENA), AUSNet Services, Hitachi ABB Power Grids},
    year = {2021},
    month = {June},
    language ={english},
    url = {https://arena.gov.au/projects/stability-enhancing-measures-for-weak-grids/}, 
    note = {Funded by ARENA's Advancing Renewables Program, Grant number 2020/ARP007.}
}

@TECHREPORT{UNIDO2017,
    author = {Takeshi Nagasawa and Cassandra Pillay and Grischa Beier and Kerstin Fritzsche and François Pougel and Takeshi Takama and Kai The and Ivan Bobashev},
    title = {Accelerating clean energy through Industry 4.0: Manufacturing the next revolution},
    institution = {United Nations Industrial Development Organization (UNIDO)},
    year = {2017},
    address = {Vienna, Austria},
    language ={english},
    url = {https://www.unido.org/sites/default/files/2017-08/UNIDO_Industry_4.0_Report_0.pdf},
    note = {A report of the United Nations Industrial Development Organization}
}

@TECHREPORT{MIGRATE2016,
    author = {Breithaupt, T. and Herwig, D. and Hofmann, L. and Mertens, A. and Meyer, R. and Farrokhseresht, N. and Tuinema, B. and Wang, D. and Rueda Torres, J. and Ribberg, S. and Sewdien, V.},
    title = {Report on systemic issues},
    institution = {MIGRATE Project},
    year = {2016},
    type = {Deliverable},
    number = {D1.1},
    date = {2015-12-15},
    url = {https://www.h2020-migrate.eu/},
    language ={english},
    note = {Project funded by the European Union’s Horizon 2020 research and innovation programme under grant agreement No 691800}
}

@INPROCEEDINGS{10615092,
    author={Veretennikov, Ilya O. and Idrisov, Ildar N. and Rahman, Mumu M. and Vasilev, Stepan P. and Parsegov, Sergei E. and Ibanez, Federico M.},
    booktitle={2024 IEEE 25th International Conference of Young Professionals in Electron Devices and Materials (EDM)}, 
    title={Analyzing R/X Stability Regions of Parallel Grid-Connected Inverters Using Hardware-in-the-Loop Approach}, 
    year={2024},
    volume={},
    number={},
    pages={1220-1225},
    language ={english},
    keywords={Renewable energy sources;Focusing;Power system stability;Inverters;Stability analysis;Real-time systems;Power system reliability;Grid-Connected Inverters;Microgrids;Weak Grids;R/X;SCR;Power-Hardware-in-the-Loop},
    doi={10.1109/EDM61683.2024.10615092}
}

@INPROCEEDINGS{7749289,
    author={Alizadeh, Seyed Morteza and Ozansoy, Cagil and Alpcan, Tansu},
    booktitle={2016 Australasian Universities Power Engineering Conference (AUPEC)}, 
    title={The impact of X/R ratio on voltage stability in a distribution network penetrated by wind farms}, 
    year={2016},
    volume={},
    number={},
    pages={1-6},
    language ={english},
    keywords={Reactive power;Wind farms;Voltage control;Power system stability;Stability analysis;Wind power generation;Reactive power control;Distribution systems;Wind power plants;X/R ratio;Voltage stability;Reactive power control},
    doi={10.1109/AUPEC.2016.7749289}
}

@MISC{misc_karawita_2024,
    author = {C. Karawita, L. Kocewiak, M. V. Escudero and G. Lietz},
    editor = {{Windows Phone Central}},
    title = {Dealing with interactions in modern power electronics dominated power systems},
    url = {https://www.cigre.org/article/GB/news/the_latest_news/dealing-with-interactions-in-modern-power-electronics-dominated-power-systems},
    year = {2024},
    language ={english},
    urldate = {2024-04-24}
}

@BOOK{kundur1994power,
    author={P. Kundur and N. J. Balu and M. G. Lauby},
    title={Power System Dynamics: Stability and Control},
    publisher={Wiley},
    edition={3},
    year={2022},
    isbn={978-1-119-52634-6},
    language ={english},
    url={https://www.wiley.com/en-nz/Power+System+Dynamics%3A+Stability+and+Control%2C+3rd+Edition-p-9781119526346}
}

@PHDTHESIS{Prostejovsky2017,
    author = {A. M. Prostejovsky},
    title = {Increased Observability in Electric Distribution Grids: Emerging Applications Promoting the Active Role of Distribution System Operators},
    school = {Technical University of Denmark},
    year = {2017},
    language ={english},
    address = {Department of Electrical Engineering},
    type = {PhD Dissertation}
}

